@inproceedings{semeval2013,
  title={SemEval-2013 Task 9: Extraction of Drug-Drug Interactions from Biomedical Texts (DDIExtraction 2013)},
  author={Herrero-Zazo, Maria and Segura-Bedmar, Isabel and Mart{\'\i}nez, Paloma and Declerck, Thierry},
  booktitle={Proceedings of the Second Joint Conference on Lexical and Computational Semantics (* SEM), Volume 2: Proceedings of the Seventh International Workshop on Semantic Evaluation (SemEval 2013)},
  pages={341--350},
  year={2013},
  url={https://aclanthology.org/S13-2056.pdf}
}

@article{ddi-corpus,
  title={The DDI corpus: An annotated corpus with pharmacological substances and drug-drug interactions},
  author={Herrero-Zazo, Maria and Segura-Bedmar, Isabel and Mart{\'\i}nez, Paloma and Declerck, Thierry},
  journal={Journal of Biomedical Informatics},
  volume={46},
  number={5},
  pages={914--920},
  year={2013},
  publisher={Elsevier},
  doi={10.1016/j.jbi.2013.07.011}
}

@article{ddi-lessons,
  title={Lessons learnt from the DDIExtraction-2013 Shared Task},
  author={Segura-Bedmar, Isabel and Mart{\'\i}nez, Paloma and Herrero-Zazo, Mar{\'\i}a},
  journal={Journal of Biomedical Informatics},
  volume={51},
  pages={152--164},
  year={2014},
  publisher={Elsevier},
  doi={10.1016/j.jbi.2014.05.007}
}

@article{crf-tutorial,
  title={An Introduction to Conditional Random Fields for Relational Learning},
  author={Sutton, Charles and McCallum, Andrew},
  journal={Introduction to Statistical Relational Learning},
  volume={2},
  pages={93--128},
  year={2007},
  publisher={MIT Press}
}

@article{scikit-learn,
  title={Scikit-learn: Machine Learning in Python},
  author={Pedregosa, Fabian and Varoquaux, Ga{\"e}l and Gramfort, Alexandre and Michel, Vincent and Thirion, Bertrand and Grisel, Olivier and Blondel, Mathieu and Prettenhofer, Peter and Weiss, Ron and Dubourg, Vincent and others},
  journal={Journal of Machine Learning Research},
  volume={12},
  pages={2825--2830},
  year={2011}
}
